
% ! TPE Algorithm
@article{tpe,
  title={Algorithms for hyper-parameter optimization},
  author={Bergstra, James and Bardenet, R{\'e}mi and Bengio, Yoshua and K{\'e}gl, Bal{\'a}zs},
  journal={Advances in neural information processing systems},
  volume={24},
  year={2011}
}

% ! LeCun
@article{lecun,
  title={Deep learning},
  author={LeCun, Yann and Bengio, Yoshua and Hinton, Geoffrey},
  journal={nature},
  volume={521},
  number={7553},
  pages={436--444},
  year={2015},
  publisher={Nature Publishing Group}
}


@article{0An,
  title={An analytical method for estimating horizontal transition probability matrix of coupled Markov chain for simulating geological uncertainty - ScienceDirect},
  author={ Wei, Cab  and  Az, C  and  Slsc, D },
  journal={Computers and Geotechnics},
  volume={129},
}


@article{texbook,
  title={Computers \& Typesetting: The TeXbook},
  author={ Knuth, D. E. },
  year={1984},
}
